@inproceedings{NIPS2017_3f5ee243,
 author = {Vaswani, Ashish and Shazeer, Noam and Parmar, Niki and Uszkoreit, Jakob and Jones, Llion and Gomez, Aidan N and Kaiser, \L ukasz and Polosukhin, Illia},
 booktitle = {Advances in Neural Information Processing Systems},
 editor = {I. Guyon and U. Von Luxburg and S. Bengio and H. Wallach and R. Fergus and S. Vishwanathan and R. Garnett},
 pages = {},
 publisher = {Curran Associates, Inc.},
 title = {Attention is All you Need},
 url = {https://proceedings.neurips.cc/paper/2017/file/3f5ee243547dee91fbd053c1c4a845aa-Paper.pdf},
 volume = {30},
 year = {2017}
}

@article{radford2019language,
  title={Language models are unsupervised multitask learners},
  author={Radford, Alec and Wu, Jeffrey and Child, Rewon and Luan, David and Amodei, Dario and Sutskever, Ilya and others},
  journal={OpenAI blog},
  volume={1},
  number={8},
  pages={9},
  year={2019}
}

@article{bengio2000neural,
  title={A neural probabilistic language model},
  author={Bengio, Yoshua and Ducharme, R{\'e}jean and Vincent, Pascal},
  journal={Advances in neural information processing systems},
  volume={13},
  year={2000}
}

@article{mikolov2013distributed,
  title={Distributed representations of words and phrases and their compositionality},
  author={Mikolov, Tomas and Sutskever, Ilya and Chen, Kai and Corrado, Greg S and Dean, Jeff},
  journal={Advances in neural information processing systems},
  volume={26},
  year={2013}
}

@inproceedings{timilsina2022nepberta,
  title={NepBERTa: Nepali Language Model Trained in a Large Corpus},
  author={Timilsina, Sulav and Gautam, Milan and Bhattarai, Binod},
  booktitle={Proceedings of the 2nd Conference of the Asia-Pacific Chapter of the Association for Computational Linguistics and the 12th International Joint Conference on Natural Language Processing},
  pages={273--284},
  year={2022}
}

@article{whitelaw2009using,
  title={Using the web for language independent spellchecking and autocorrection},
  author={Whitelaw, Casey and Hutchinson, Ben and Chung, Grace Y and Ellis, Gerard},
  year={2009}
}

@article{wilcox2014detection,
  title={Detection is the central problem in real-word spelling correction},
  author={Wilcox-O'Hearn, L Amber},
  journal={arXiv preprint arXiv:1408.3153},
  year={2014}
}

@book{segaran2009beautiful,
  title={Beautiful Data: The Stories Behind Elegant Data Solutions},
  author={Segaran, Toby and Hammerbacher, Jeff},
  year={2009},
  publisher={O'Reilly Media, Inc.}
}


